@article{diankov2008openrave,
  title={Openrave: A planning architecture for autonomous robotics},
  author={Diankov, Rosen and Kuffner, James},
  journal={Robotics Institute, Pittsburgh, PA, Tech. Rep. CMU-RI-TR-08-34},
  volume={79},
  year={2008}
}

@article{from2010off,
  title={Off-Shore Robotics: Robust and Optimal Solutions for Autonomous Operation},
  author={From, Paal Johan},
  year={2010}
}